@incollection{tzallas2012review,
	title={Automated epileptic seizure detection methods: a review study},
	author={Tzallas, Alexandros T and Tsipouras, Markos G and Tsalikakis, Dimitrios G and Karvounis, Evaggelos C and Astrakas, Loukas and Konitsiotis, Spiros and Tzaphlidou, Margaret},
	booktitle={Epilepsy-histological, electroencephalographic and psychological aspects},
	year={2012},
	publisher={IntechOpen}
}

@misc{radio:radio_amiga_burgos_2018,
	title={{Álvar Arnaiz González y José Francisco Díez Pastor – Premiados del Concurso Desafío Universidad Empresa}},
	url = {http://www.amigafm.es/2018/03/28/alvar-arnaiz-gonzalez-y-jose-francisco-diez-pastor-premiados-del-concurso-desafio-universidad-empresa/},
	author={Radio Amiga Burgos},
	year={2018},
	month={Marzo}
}

@article{ramgopal2014product_review,
	title={Seizure detection, seizure prediction, and closed-loop warning systems in epilepsy},
	author={Ramgopal, Sriram and Thome-Souza, Sigride and Jackson, Michele and Kadish, Navah Ester and Fern{\'a}ndez, Iv{\'a}n S{\'a}nchez and Klehm, Jacquelyn and Bosl, William and Reinsberger, Claus and Schachter, Steven and Loddenkemper, Tobias},
	journal={Epilepsy \& behavior},
	volume={37},
	pages={291--307},
	year={2014},
	publisher={Elsevier}
}

@inproceedings{jeppesen2017modified,
	title={Modified automatic R-peak detection algorithm for patients with epilepsy using a portable electrocardiogram recorder},
	author={Jeppesen, Jesper and Beniczky, S{\'a}ndor and Frederiksen, A Fuglsang and Sidenius, Per and Johansen, Peter},
	booktitle={2017 39th Annual International Conference of the IEEE Engineering in Medicine and Biology Society (EMBC)},
	pages={4082--4085},
	year={2017},
	organization={IEEE}
}

@article{kumar2014epilepticeeg,
	title={Epileptic seizures detection in EEG using DWT-based ApEn and artificial neural network},
	author={Kumar, Yatindra and Dewal, ML and Anand, RS},
	journal={Signal, Image and Video Processing},
	volume={8},
	number={7},
	pages={1323--1334},
	year={2014},
	publisher={Springer}
}

@inproceedings{kortelainen2012sleepmonitoring,
	title={Multichannel bed pressure sensor for sleep monitoring},
	author={Kortelainen, Juha M and Van Gils, Mark and P{\"a}rkk{\"a}, Juha},
	booktitle={2012 Computing in Cardiology},
	pages={313--316},
	year={2012},
	organization={IEEE}
}

@inproceedings{tolkiehn2011fall,
	title={Direction sensitive fall detection using a triaxial accelerometer and a barometric pressure sensor},
	author={Tolkiehn, Marie and Atallah, Louis and Lo, Benny and Yang, Guang-Zhong},
	booktitle={2011 Annual International Conference of the IEEE Engineering in Medicine and Biology Society},
	pages={369--372},
	year={2011},
	organization={IEEE}
}


@article{tool:scikit-learn,
	title={Scikit-learn: Machine Learning in {P}ython},
	author={Pedregosa, F. and Varoquaux, G. and Gramfort, A. and Michel, V.
	and Thirion, B. and Grisel, O. and Blondel, M. and Prettenhofer, P.
	and Weiss, R. and Dubourg, V. and Vanderplas, J. and Passos, A. and
	Cournapeau, D. and Brucher, M. and Perrot, M. and Duchesnay, E.},
	journal={Journal of Machine Learning Research},
	volume={12},
	pages={2825--2830},
	year={2011}
}

@Misc{tool:scipy,
	author =    {Eric Jones and Travis Oliphant and Pearu Peterson and others},
	title =     {{SciPy}: Open source scientific tools for {Python}},
	year =      {2001--},
	url = "http://www.scipy.org/",
	note = {[Online; accessed 07/02/2019]}
}

@book{tool:numpy,
	title={A guide to NumPy},
	author={Oliphant, Travis E},
	volume={1},
	year={2006},
	publisher={Trelgol Publishing USA}
}

@article{tool:matplotlib,
	title={Matplotlib: A 2D graphics environment},
	author={Hunter, John D},
	journal={Computing in science \& engineering},
	volume={9},
	number={3},
	pages={90--95},
	year={2007},
	publisher={IEEE}
}

@inproceedings{tool:pandas,
	title={Data structures for statistical computing in python},
	author={McKinney, Wes and others},
	booktitle={Proceedings of the 9th Python in Science Conference},
	volume={445},
	pages={51--56},
	year={2010},
	organization={Austin, TX}
}

@article{tool:tsnecuda,
	title={t-SNE-CUDA: GPU-Accelerated t-SNE and its Applications to Modern Data},
	author={Chan, David M and Rao, Roshan and Huang, Forrest and Canny, John F},
	journal={arXiv preprint arXiv:1807.11824},
	year={2018}
}

@misc{ wiki:pca,
	author = "{Wikipedia contributors}",
	title = "Principal component analysis --- {Wikipedia}{,} The Free Encyclopedia",
	year = "2019",
	howpublished = "\url{https://en.wikipedia.org/w/index.php?title=Principal_component_analysis&oldid=878535871}",
	note = "[Online; accessed 17-January-2019]"
}

@misc{ wiki:manifold,
	author = "{Wikipedia contributors}",
	title = "Manifold --- {Wikipedia}{,} The Free Encyclopedia",
	year = "2019",
	howpublished = "\url{https://en.wikipedia.org/w/index.php?title=Manifold&oldid=877548508}",
	note = "[Online; accessed 17-January-2019]"
}

@misc{ubu:mineria1,
	 place={Burgos},
	 title={Introducción a la Minería de Datos},
	 publisher={Universidad de Burgos},
	 author={Rodríguez, Juan José}
 }