@article{zhang2004principal,
	title={Principal manifolds and nonlinear dimensionality reduction via tangent space alignment},
	author={Zhang, Zhenyue and Zha, Hongyuan},
	journal={SIAM journal on scientific computing},
	volume={26},
	number={1},
	pages={313--338},
	year={2004},
	publisher={SIAM}
}

@book{braude2003ingenieria,
	title={Ingenier{\'\i}a de software: una perspectiva orientada a objetos},
	author={Braude, Eric J and Usaola, Macario Polo},
	year={2003},
	publisher={Ra-Ma}
}

@misc{ wiki:responsive,
	author = "{Wikipedia contributors}",
	title = "Responsive web design --- {Wikipedia}{,} The Free Encyclopedia",
	year = "2019",
	howpublished = "\url{https://en.wikipedia.org/w/index.php?title=Responsive_web_design&oldid=899574617}",
	note = "[Online; accessed 31-May-2019]"
}

@MISC {tool:socketio,
	author       = "Arrachequesne, Damien and Little, Erik",
	title        = "Socket.IO",
	howpublished = "\url{https://socket.io/docs/}",
	month        = "feb",
	year         = "2018"
}

@techreport{RFC7231,
	author = {R. Fielding and J. Reschke},
	title = {Hypertext Transfer Protocol (HTTP/1.1): Semantics and Content},
	howpublished = {Internet Requests for Comments},
	type = {RFC},
	number = {7231},
	year = {2014},
	month = {June},
	issn = {2070-1721},
	publisher = {RFC Editor},
	institution = {RFC Editor},
	url = {http://www.rfc-editor.org/rfc/rfc7231.txt},
	note = {\url{http://www.rfc-editor.org/rfc/rfc7231.txt}},
}

@misc{ wiki:websocket,
	author = "{Wikipedia contributors}",
	title = "WebSocket --- {Wikipedia}{,} The Free Encyclopedia",
	year = "2019",
	howpublished = "\url{https://en.wikipedia.org/w/index.php?title=WebSocket&oldid=897985416}",
	note = "[Online; accessed 31-May-2019]"
}

@book{booch1999lenguaje,
	title={El lenguaje unificado de modelado},
	author={Booch, Grady and Rumbaugh, James and Jacobson, Ivar and Mart{\'\i}nez, Jos{\'e} S{\'a}ez and Molina, Jes{\'u}s J Garc{\'\i}a},
	volume={1},
	year={1999},
	publisher={Addison wesley Madrid}
}

@misc{ wiki:mvc,
	author = "{Wikipedia contributors}",
	title = "Model–view–controller --- {Wikipedia}{,} The Free Encyclopedia",
	year = "2019",
	howpublished = "\url{https://en.wikipedia.org/w/index.php?title=Model%E2%80%93view%E2%80%93controller&oldid=901347868}",
	note = "[Online; accessed 11-June-2019]"
}

@MISC {salariales,
	author       = "Indeed",
	title        = "Salarios para empleos de A.C.S. Informáticos en España",
	howpublished = "\url{https://www.indeed.es/cmp/A.c.s.-Inform%C3%A1ticos/salaries}",
	month        = "jun",
	year         = "2019"
}

@MISC {gobees,
	author       = "David Miguel Lozano",
	title        = "GoBees - Monitorización del estado de una colmena mediante la cámara de un smartphone. Anexos",
	howpublished = "\url{https://github.com/davidmigloz/go-bees/blob/master/docs/latex/anexos.pdf}",
	month        = "feb",
	year         = "2017"
}